<record><leader>00000cas a22000007a 4500</leader><controlfield tag="001">18386426</controlfield><controlfield tag="008">880822d19121916ohuwr ne      0    0eng d</controlfield><datafield ind1=" " ind2=" " tag="010"><subfield code="a">sn 88077819 </subfield></datafield><datafield ind1=" " ind2=" " tag="040"><subfield code="a">ONP</subfield><subfield code="b">eng</subfield><subfield code="c">ONP</subfield><subfield code="d">OCLCQ</subfield></datafield><datafield ind1=" " ind2=" " tag="042"><subfield code="a">msc</subfield></datafield><datafield ind1="0" ind2=" " tag="130"><subfield code="a">Times (Columbus, Ohio)</subfield></datafield><datafield ind1="1" ind2="4" tag="245"><subfield code="a">The Times.</subfield></datafield><datafield ind1=" " ind2=" " tag="260"><subfield code="a">Columbus, Ohio :</subfield><subfield code="b">C.C. Hollenback</subfield></datafield><datafield ind1=" " ind2=" " tag="310"><subfield code="a">Weekly</subfield></datafield><datafield ind1="1" ind2=" " tag="362"><subfield code="a">Began in Jan. 1912; ceased in 1916.</subfield></datafield><datafield ind1=" " ind2=" " tag="588"><subfield code="a">Description based on: Vol. 102, no. 1 (Jan. 17, 1914).</subfield></datafield><datafield ind1=" " ind2=" " tag="752"><subfield code="a">United States</subfield><subfield code="b">Ohio</subfield><subfield code="c">Franklin</subfield><subfield code="d">Columbus.</subfield></datafield><datafield ind1="0" ind2="0" tag="780"><subfield code="t">Columbus Democrat (Columbus, Ohio : 1911)</subfield></datafield></record>